<?xml version="1.0" encoding="utf-8"?>
<record xmlns="http://www.loc.gov/MARC21/slim" xmlns:xsi="http://www.w3.org/2001/XMLSchema-instance" xsi:schemaLocation="http://www.loc.gov/MARC21/slim http://www.loc.gov/standards/marcxml/schema/MARC21slim.xsd">
	<leader>     nam a22        4500</leader>
	<controlfield tag="001">001678478</controlfield>
	<controlfield tag="003">NNU</controlfield>
	<controlfield tag="006">m        d        </controlfield>
	<controlfield tag="007">cr cn |||m|||a</controlfield>
	<controlfield tag="008">160519s1968    iq b    o     000 0 ara  </controlfield>
	<datafield ind1=" " ind2=" " tag="040">
		<subfield code="a">NNU</subfield>
		<subfield code="b">eng</subfield>
		<subfield code="c">NNU</subfield>
	</datafield>
	<datafield ind1=" " ind2=" " tag="043">
		<subfield code="a">a-is---</subfield>
		<subfield code="a">ma-----</subfield>
	</datafield>
	<datafield ind1=" " ind2="4" tag="050">
		<subfield code="a">DS119.7</subfield>
		<subfield code="b">.J35 1968</subfield>
	</datafield>
	<datafield ind1="1" ind2=" " tag="100">
		<subfield code="6">880-01</subfield>
		<subfield code="a">Jamīl, Ḥusayn.</subfield>
	</datafield>
	<datafield ind1="1" ind2="0" tag="245">
		<subfield code="6">880-02</subfield>
		<subfield code="a">Buṭlān al-usus allatī uqīma ʻalayhā wujūd Isrāʼīl ʻalá al-arḍ al-ʻArabīyah wa-salāmat al-mawqif al-ʻArabī min al-qaḍīyah al-Filasṭīnīyah</subfield>
		<subfield code="h">[electronic resource] /</subfield>
		<subfield code="c">Taʼlīf Ḥusayn Jamīl.</subfield>
	</datafield>
	<datafield ind1=" " ind2=" " tag="260">
		<subfield code="6">880-03</subfield>
		<subfield code="a">[Baghdād]</subfield>
		<subfield code="b">Wizārat al-Thaqāfah wa-al-Irshād, Mudīrīyat al-Irshād al-ʻĀmmah</subfield>
		<subfield code="c">[1968]</subfield>
	</datafield>
	<datafield ind1=" " ind2=" " tag="300">
		<subfield code="6">880-04</subfield>
		<subfield code="a">online resource (161 p.) :</subfield>
		<subfield code="b">maps.</subfield>
	</datafield>
	<datafield ind1="1" ind2=" " tag="490">
		<subfield code="6">880-05</subfield>
		<subfield code="a">Silsilah al-iʻlāmīyah,</subfield>
		<subfield code="v">2</subfield>
	</datafield>
	<datafield ind1=" " ind2=" " tag="500">
		<subfield code="a">Part of the Arabic Collections Online (ACO) project, contributed by New York Univeristy Libraries.</subfield>
	</datafield>
	<datafield ind1=" " ind2=" " tag="533">
		<subfield code="a">Electronic reproduction.</subfield>
		<subfield code="b">New York, N.Y. :</subfield>
		<subfield code="c">New York University,</subfield>
		<subfield code="d">2016.</subfield>
		<subfield code="5">NNU</subfield>
	</datafield>
	<datafield ind1=" " ind2="0" tag="650">
		<subfield code="a">Jewish-Arab relations.</subfield>
	</datafield>
	<datafield ind1=" " ind2="7" tag="650">
		<subfield code="a">Jewish-Arab relations.</subfield>
		<subfield code="2">fast</subfield>
		<subfield code="0">(OCoLC)fst00983106</subfield>
	</datafield>
	<datafield ind1="2" ind2=" " tag="710">
		<subfield code="a">New York University.</subfield>
		<subfield code="b">Libraries.</subfield>
	</datafield>
	<datafield ind1="0" ind2=" " tag="730">
		<subfield code="a">Arabic Collections Online.</subfield>
	</datafield>
	<datafield ind1="0" ind2="8" tag="776">
		<subfield code="i">Print version:</subfield>
		<subfield code="a">Jamīl, Ḥusayn.</subfield>
		<subfield code="t">Buṭlān al-usus allatī uqīma ʻalayhā wujūd Isrāʼīl ʻalá al-arḍ al-ʻArabīyah wa-salāmat al-mawqif al-ʻArabī min al-qaḍīyah al-Filasṭīnīyah</subfield>
		<subfield code="w">(NNU)001678478</subfield>
	</datafield>
	<datafield ind1="4" ind2="0" tag="856">
		<subfield code="u">http://hdl.handle.net/2333.1/f4qrfn42</subfield>
	</datafield>
	<datafield ind1="1" ind2=" " tag="880">
		<subfield code="6">100-01/</subfield>
		<subfield code="a">جميل، حسين.</subfield>
	</datafield>
	<datafield ind1="1" ind2="0" tag="880">
		<subfield code="6">245-02/</subfield>
		<subfield code="a">بطلان الأسس التي أقيم عليها وجود إسرائيل على الأرض العربية وسلامة الموقف العربي من القضية الفلسطينية.</subfield>
		<subfield code="c">تأليف حسين جميل.</subfield>
	</datafield>
	<datafield ind1=" " ind2=" " tag="880">
		<subfield code="6">260-03/</subfield>
		<subfield code="a">[بغداد]</subfield>
		<subfield code="b">وزارة الثقافة والإرشاد، مديرية الإرشاد العامة</subfield>
		<subfield code="c">[1968]</subfield>
	</datafield>
	<datafield ind1=" " ind2=" " tag="880">
		<subfield code="6">300-04/</subfield>
		<subfield code="a">161 ص.</subfield>
		<subfield code="b">خريطة</subfield>
		<subfield code="c">21 سم.</subfield>
	</datafield>
	<datafield ind1="1" ind2=" " tag="880">
		<subfield code="6">490-05/</subfield>
		<subfield code="a">سلسلة الإعلامية،</subfield>
		<subfield code="v">2</subfield>
	</datafield>
	<datafield ind1="1" ind2=" " tag="810">
		<subfield code="6">880-06</subfield>
		<subfield code="a">Iraq.</subfield>
		<subfield code="b">Wizārat al-Thaqāfah wa-al-Irshād.</subfield>
		<subfield code="t">Silsilah al-iʻlāmīyah ;</subfield>
		<subfield code="v">2.</subfield>
	</datafield>
	<datafield ind1="1" ind2=" " tag="880">
		<subfield code="6">810-06/</subfield>
		<subfield code="a">العراق.</subfield>
		<subfield code="b">وزارة الثقافة والإرشاد.</subfield>
		<subfield code="t">سلسلة الإعلامية ؛</subfield>
		<subfield code="v">2.</subfield>
	</datafield>
	<datafield ind1=" " ind2=" " tag="959">
		<subfield code="a">NNU</subfield>
		<subfield code="b">WEB</subfield>
		<subfield code="c">GENI</subfield>
		<subfield code="t">0</subfield>
		<subfield code="m">Electronic access</subfield>
		<subfield code="s">01</subfield>
	</datafield>
	<datafield ind1=" " ind2=" " tag="999">
		<subfield code="i">NNU_001678478</subfield>
		<subfield code="s">nyu_aco001358</subfield>
	</datafield>
</record>
